@misc{ruwiki:cybernetics,
  author = "Википедия",
  title = "Кибернетика --- Википедия{,} свободная энциклопедия",
  year = "2023",
  url = "https://ru.wikipedia.org/?curid=13000&oldid=132900590",
  note = "[Онлайн; дата обращения: 12.09.2023]",
}

@misc{ruwiki:sociocybernetics,
  author = "Википедия",
  title = "Социальная кибернетика --- Википедия{,} свободная энциклопедия",
  year = "2023",
  url = "https://ru.wikipedia.org/?curid=7226003&oldid=129204698",
  note = "[Онлайн; дата обращения: 12.09.2023]",
}

@book{out_of_control,
  author = "Kevin Kelly",
  title = "Out of control: the new biology of machines, social systems and the
           economic world",
  publisher = "Adison-Wesley",
  location = "Boston, USA",
  year = 1994,
  isbn = "0-201-48340-8",
}

@book{cybernetics_of_cybernetics,
  author = "von Foerster, Heinz",
  title = "Cybernetics of Cybernetics",
  year = "2003",
  publisher = "Springer New York",
  address = "New York, NY",
  pages = "283--286",
  isbn = "978-0-387-21722-2",
  doi = "10.1007/0-387-21722-3_13",
  url = "https://doi.org/10.1007/0-387-21722-3_13",
}

@inbook{systemctheorie,
  author = "Luhmann, Niklas",
  title = "Systemtheorie, Evolutionstheorie und Kommunikationstheorie",
  bookTitle = "Soziologische Aufkl{\"a}rung 2: Aufs{\"a}tze zur Theorie der
               Gesellschaft",
  year = "1975",
  publisher = "VS Verlag f{\"u}r Sozialwissenschaften",
  address = "Wiesbaden",
  pages = "193--203",
  abstract = "Theorieentwicklungen haben teils immanente, teils externe Gr{\"u}
              nde. Sie sind sowohl durch die Problemstellungen, Konzeptionen und
              negierbaren Themen der jeweils vorliegenden Theorie bestimmt als
              auch durch hinzukommende Erfahrungen mit der Realit{\"a}t. Dies
              gilt allgemein. Im besonderen Falle der Gesellschaftstheorie kommt
              hinzu, da{\ss} der Gegenstand dieser Theorie ein evoluierendes
              System, ein Tr{\"a}ger evolution{\"a}rer Entwicklungen ist. Das
              macht Theorieentwicklungen kompliziert. Ihre Doppelabh{\"a}ngigkeit
              von sich selbst und von ihrem Gegenstand befindet sich selbst in
              Bewegung. Diese Bewegung der Beziehung von Ver{\"a}nderungen im
              Gegenstand und in der Theorie kann ihrerseits zum Gegenstand der
              Erkenntnis werden. Sie mu{\ss} zum Gegenstand der Theorie werden,
              wenn diese auf Begr{\"u}ndung oder auf Universalit{\"a}tsanspr{\"u}
              che hin befragt wird. Das hei{\ss}t: Gesellschaftstheorie ist, wenn
              sie Evolution in Betracht ziehen will, nur als reflexive Theorie m{
              \"o}glich; nur als Theorie, die ihren eigenen Theoriestatus
              mitreflektiert. Reflexive Theorie ist nicht eine Dom{\"a}ne der
              Dialektik. Diese hatte ihren sehr speziellen Ausgangspunkt in dem
              Problem der Identit{\"a}t in der Nichtidentit{\"a}t von Erkenntnis
              und Gegenstand. Oder historisch formuliert: in der Notwendigkeit
              eines Ding an sich, das aber nicht zu erkennen ist. Von da her hat
              sich jener ber{\"u}hmte Begr{\"u}ndungsduktus der
              selbstreferentiellen Negation entwickelt --- jenes
              Nachrationalisieren eines theoretischen oder dann politischen
              Wollens. Damit k{\"o}nnen wir uns an dieser Stelle nicht angemessen
              auseinandersetzen. Ich konzediere diesem Theorietyp das
              Erstgeburtsrecht als reflexive Theorie; mich st{\"o}rt andererseits
              die eigent{\"u}mliche Schmalspurigkeit, die zu geringe und zu
              unbestimmte Komplexit{\"a}t, die Fixierung auf wenige
              Gesichtspunkte, an die man mit vermeintlich eindeutigen Effekten
              Negationen ankn{\"u}pfen kann. Ob Sie nun dieses spezifische
              Unbehagen teilen oder nicht --- auf alle F{\"a}lle mu{\ss} es
              verlocken, mit Alternativen zu experimentieren.",
  isbn = "978-3-663-12374-3",
  doi = "10.1007/978-3-663-12374-3_10",
  url = "https://doi.org/10.1007/978-3-663-12374-3_10",
}

  
@article{society_as_social_sytem,
  author = {Niklas Luhmann},
  title = {The World Society as a Social System},
  journal = {International Journal of General Systems},
  volume = {8},
  number = {3},
  pages = {131-138},
  year = {1982},
  publisher = {Taylor & Francis},
  doi = {10.1080/03081078208547442},
  URL = { https://doi.org/10.1080/03081078208547442 },
  eprint = { https://doi.org/10.1080/03081078208547442 },
}

@book{social_systems,
  title = {Social Systems},
  author = {Luhmann, N.},
  isbn = {9780804726252},
  lccn = {lc94046175},
  series = {Timothy Lenoir and Hons Ulrich Gumbreeht},
  url = {https://books.google.ru/books?id=zVZQW4gxXk4C},
  year = {1995},
  publisher = {Stanford University Press},
}

@book{theory_of_society_1,
  title = {Theory of Society, Volume 1},
  author = {Luhmann, N. and Barrett, R.},
  isbn = {9780804786478},
  series = {Cultural Memory in the Present},
  url = {https://books.google.ru/books?id=xt_LPvc7fX8C},
  year = {2012},
  publisher = {Stanford University Press},
}

@book{theory_of_society_2,
  title = {Theory of Society, Volume 2},
  author = {Luhmann, N. and Barrett, R.},
  isbn = {9780804787277},
  series = {Cultural Memory in the Present},
  url = {https://books.google.ru/books?id=Uctuhvm2TBQC},
  year = {2013},
  publisher = {Stanford University Press},
}

@inproceedings{self_reference,
  title = {Essays On Self-Reference},
  author = {Niklas Luhmann},
  year = {1990},
  url = {https://api.semanticscholar.org/CorpusID:142882050},
}

@article{ecology_of_differences,
  title = "An ecology of differences: Communication, the web and the question of
           borders.",
  author = "Elena Esposito",
  journal = "General Ecology: The New Ecological Paradigm",
  address = "London and New Yourk, NY: Bloomsbury",
}

@inproceedings{reality_of_mass_media,
  title = {The Reality of the Mass Media},
  author = {Niklas Luhmann and Kathleen Ann Cross},
  year = {2000},
  url = {https://api.semanticscholar.org/CorpusID:191445818},
}

@book{steps_to_ecology_of_mind,
  title = {Steps to an Ecology of Mind: Collected Essays in Anthropology,
           Psychiatry, Evolution, and Epi stemology},
  author = {Bateson, G.},
  isbn = {9780226039053},
  lccn = {99045031},
  url = {https://books.google.ru/books?id=HewJbnQmn1gC},
  year = {2000},
  publisher = {University of Chicago Press},
}

@article{validation_of_sociocybernetic_models,
  title = {The Validation of Sociocybernetic Models},
  author = {Johannes van der Zouwen},
  journal = {Kybernetes},
  year = {1997},
  volume = {26},
  pages = {848-856},
  url = {https://api.semanticscholar.org/CorpusID:62771341},
}

@book{sistemas_complejos,
  title = {Sistemas complejos: Conceptos, m{\'e}todos y fundamentaci{\'o}n
           epistemol{\'o}gica de la inve stigaci{\'o}n interdisciplinaria},
  author = {Garc{\'\i}a, R.},
  isbn = {9788418193835},
  series = {Cla-de-ma. Filosof{\'\i}a de la ciencia},
  url = {https://books.google.ru/books?id=DFb0DwAAQBAJ},
  year = {2006},
  publisher = {Gedisa Editorial S A},
}
@misc{enwiki:par,
  author = "{Wikipedia contributors}",
  title = "Participatory action research --- {Wikipedia}{,} The Free
           Encyclopedia",
  year = "2023",
  url = "
         https://en.wikipedia.org/w/index.php?title=Participatory_action_research&oldid=1175403932
         ",
  note = "[Online; accessed 14-October-2023]",
}
