@misc{k8s:why-k8s,
  author = "{kubernetes.io}",
  title = "Why you need Kubernetes and what it can do",
  year = "2023",
  howpublished = "\url{ https://kubernetes.io/docs/concepts/overview/\#
                  why-you-need-kubernetes-and-what-can-it-do }",
  note = "[Online; accessed 16-December-2023]",
}

@misc{k8s:cluster-architecture,
  author = "{kubernetes.io}",
  title = "Cluster Architecture",
  year = "2023",
  howpublished = "\url{ https://kubernetes.io/docs/concepts/architecture/ }",
  note = "[Online; accessed 16-December-2023]",
}

@misc{k8s:components,
  author = "{kubernetes.io}",
  title = "Kubernetes Components",
  year = "2023",
  howpublished = "\url{https://kubernetes.io/docs/concepts/overview/components/}
                  ",
  note = "[Online; accessed 16-December-2023]",
}

@misc{k8s:cp-components,
  author = "{kubernetes.io}",
  title = "Kubernetes Components",
  year = "2023",
  howpublished = "\url{ https://kubernetes.io/docs/concepts/overview/components/
                  \#control-plane-components }",
  note = "[Online; accessed 16-December-2023]",
}

@misc{k8s:n-components,
  author = "{kubernetes.io}",
  title = "Kubernetes Components",
  year = "2023",
  howpublished = "\url{ https://kubernetes.io/docs/concepts/overview/components/
                  \#node-components }",
  note = "[Online; accessed 16-December-2023]",
}

@misc{k8s:network-model,
  author = "{kubernetes.io}",
  title = "The Kubernetes network model",
  year = "2023",
  howpublished = "\url{ https://kubernetes.io/docs/concepts/services-networking/
                  \#the-kubernetes-network-model }",
  note = "[Online; accessed 16-December-2023]",
}

@misc{k8s:service,
  author = "{kubernetes.io}",
  title = "Service",
  year = "2023",
  howpublished = "\url{
                  https://kubernetes.io/docs/concepts/services-networking/service/
                  }",
  note = "[Online; accessed 16-December-2023]",
}

@misc{k8s:ingress,
  author = "{kubernetes.io}",
  title = "Ingress",
  year = "2023",
  howpublished = "\url{
                  https://kubernetes.io/docs/concepts/services-networking/ingress/
                  }",
  note = "[Online; accessed 16-December-2023]",
}
